@book{russell2009artificial,
  title={Artificial intelligence: a modern approach},
  author={Russell, Stuart J and Norvig, Peter},
  year={2009},
  publisher={Elsevier},
  note = {3a Edi{\c{c}}{\~a}o}
}



@inproceedings{pearl1987logic,
  title={The logic of representing dependencies by directed graphs},
  author={Pearl, Judea and Verma, Thomas},
  booktitle={Proceedings of the sixth National conference on Artificial intelligence-Volume 1},
  pages={374--379},
  year={1987}
}


@incollection{VERMA199069,
title = {Causal Networks: Semantics and Expressiveness},
editor = {Ross D. Shachter and Tod S. Levitt and Laveen N. Kanal and John F. Lemmer},
series = {Machine Intelligence and Pattern Recognition},
publisher = {North-Holland},
volume = {9},
pages = {69-76},
year = {1990},
booktitle = {Uncertainty in Artificial Intelligence},
author = {Thomas Verma and Judea Pearl}
}


@InProceedings{pmlr-v186-leonelli22a,
  title = 	 {Highly Efficient Structural Learning of Sparse Staged Trees},
  author =       {Leonelli, Manuele and Varando, Gherardo},
  booktitle = 	 {Proceedings of The 11th International Conference on Probabilistic Graphical Models},
  pages = 	 {193--204},
  year = 	 {2022},
  editor = 	 {Salmerón, Antonio and Rumí, Rafael},
  volume = 	 {186},
  series = 	 {Proceedings of Machine Learning Research},
  month = 	 {05--07 Oct},
  publisher =    {PMLR}
}


@article{colombo14a,
  author  = {Colombo, D. and Maathuis, M. H.},
  title   = {Order-Independent Constraint-Based Causal Structure Learning},
  journal = {Journal of Machine Learning Research},
  year    = {2014},
  volume  = {15},
  number  = {116},
  pages   = {3921--3962}
}


@InProceedings{rischel21a,
  title = 	 {Compositional abstraction error and a category of causal models},
  author =       {Rischel, E. F. and Weichwald, S.},
  booktitle = 	 {Proceedings of the 37th Conference on Uncertainty in Artificial Intelligence},
  pages = 	 {1013--1023},
  year = 	 {2021}
  }



@inproceedings{bhattacharya2021differentiable,
  title={Differentiable causal discovery under unmeasured confounding},
  author={Bhattacharya, R. and Nagarajan, T. and Malinsky, D. and Shpitser, I.},
  booktitle={International Conference on Artificial Intelligence and Statistics},
  pages={2314--2322},
  year={2021}
}

@article {QuantifyingCausalPathwaysofTeleconnections,
      author = {Kretschmer, M. and Adams, S. V. and Arribas, A. and  Prudden, R. and  Robinson, N. and Saggioro, E. and Shepherd, T. G.},
      title = {Quantifying Causal Pathways of Teleconnections},
      journal = {Bulletin of the American Meteorological Society},
      year = {2021},
      volume = {102},
      number = {12},
      pages = {"E2247--E2263}
}


@inproceedings{markham2022transformational,
  title={{A transformational characterization of unconditionally equivalent Bayesian Networks}},
  author={Markham, A. and Deligeorgaki, D. and Misra, P. and Solus, L.},
  booktitle={11th International Conference on Probabilistic Graphical Models},
  pages={109--120},
  year={2022}
}

@inproceedings{wienobst2020recovering,
  title={Recovering causal structures from low-order conditional independencies},
  author={Wien{\"o}bst, M. and Liskiewicz, M.},
  booktitle={Proceedings of the AAAI Conference on Artificial Intelligence},
  volume={34},
  pages={10302--10309},
  year={2020}
}

@inproceedings{textor2015,
author ={Textor, I. and Idelberger, A. and Liskiewicz, M.},
title = {Learning from pairwise marginal independencies},
year ={2015},
pages ={221},
booktitle = {Proceedings of the 31st Conference on Uncertainty in Artificial Intelligence}
}

@article{LEFRANCQ2021,
title = {{Evolution of outcomes for patients hospitalised during the first 9 months of the SARS-CoV-2 pandemic in France: A retrospective national surveillance data analysis}},
journal = {The Lancet Regional Health - Europe},
volume = {5},
pages = {100087},
year = {2021},
author = {Lefrancq, N. and Paireau, J. and  Hozé, N. and Courtejoie, N. and Yazdanpanah, Y. and  Bouadma, L. and Boëlle, P. Y. and  Chereau, F. and Salje, H. and Cauchemez, S.}
}

@Article{boellecovid,
AUTHOR = {Boëlle, Pierre-Yves and Delory, Tristan and Maynadier, Xavier and Janssen, Cécile and Piarroux, Renaud and Pichenot, Marie and Lemaire, Xavier and Baclet, Nicolas and Weyrich, Pierre and Melliez, Hugues and Meybeck, Agnès and Lanoix, Jean-Philippe and Robineau, Olivier},
TITLE = {Trajectories of Hospitalization in COVID-19 Patients: An Observational Study in France},
JOURNAL = {Journal of Clinical Medicine},
VOLUME = {9},
YEAR = {2020},
NUMBER = {10},
ARTICLE-NUMBER = {3148},
URL = {https://www.mdpi.com/2077-0383/9/10/3148},
PubMedID = {33003375},
ISSN = {2077-0383},
DOI = {10.3390/jcm9103148}
}





@misc{ISTAT,
author ={ISTAT},
year =  {2014},
title = {{Multiscopo ISTAT – Aspetti della vita quotidiana}},
 howpublished = {UniData - Bicocca Data Archive, Milano}
}

@article{Leonelli2021,
title = {Structural learning of simple staged trees},
author = {Leonelli, M. and Varando, G.},
year = {2022},
journal = {arXiv:2203.04390}
}

@article{Varando2021,
author = {Varando, G. and Carli, F. and Leonelli, M.},
title = {{Staged trees and asymmetry-labeled DAGs}},
year = {2021},
journal = {arXiv:2108.01994}
}

@inproceedings{Huang2018,
  title={Generalized score functions for causal discovery},
  author={Huang, B. and Zhang, K. and Lin, Y. and Sch{\"o}lkopf, B. and Glymour, C.},
  booktitle={Proceedings of the 24th International Conference on Knowledge Discovery \& Data Mining},
  pages={1551--1560},
  year={2018}
}

@inproceedings{Peters2010,
  title={Identifying cause and effect on discrete data using additive noise models},
  author={Peters, J. and Janzing, D. and Sch{\"o}lkopf, B.},
  booktitle={Proceedings of the 13th International Conference on Artificial Intelligence and Statistics},
  pages={597--604},
  year={2010}
}

@article{Chickering2002,
  title={Optimal structure identification with greedy search},
  author={Chickering, D. M.},
  journal={Journal of Machine Learning Research},
  volume={3},
  pages={507--554},
  year={2002}
}

@article{duarte2021,
  title={Representation of context-specific causal models with observational and interventional data},
  author={Duarte, E. and Solus, L.},
  journal={arXiv:2101.09271},
  year={2021}
}

@book{Pearl2009,
  title={Causality},
  author={Pearl, J.},
  year={2009},
  publisher={Cambridge University Press}
}

@book{Spirtes2000,
  title={Causation, prediction, and search},
  author={Spirtes, P. and Glymour, C. N. and Scheines, R. and Heckerman, D.},
  year={2000},
  publisher={MIT Press}
}

@article{Peters2015,
  title={Structural intervention distance for evaluating causal graphs},
  author={Peters, J. and B{\"u}hlmann, P.},
  journal={Neural Computation},
  volume={27},
  number={3},
  pages={771--799},
  year={2015},
  publisher={MIT Press}
}

@article{Glymour2019,
  title={Review of causal discovery methods based on graphical models},
  author={Glymour, C. and Zhang, K. and Spirtes, P.},
  journal={Frontiers in Genetics},
  volume={10},
  pages={524},
  year={2019}
}


@inproceedings{Yang2018,
  title={Characterizing and learning equivalence classes of causal DAGs under interventions},
  author={Yang, Karren and Katcoff, Abigail and Uhler, Caroline},
  booktitle={International Conference on Machine Learning},
  pages={5541--5550},
  year={2018},
  organization={PMLR}
}

@inproceedings{yang2018characterizing,
  title={Characterizing and learning equivalence classes of causal DAGs under interventions},
  author={Yang, Karren and Katcoff, Abigail and Uhler, Caroline},
  booktitle={International Conference on Machine Learning},
  pages={5541--5550},
  year={2018},
  organization={PMLR}
}

@inproceedings{Monti2020,
  title={Causal discovery with general non-linear relationships using non-linear {ICA}},
  author={Monti, R. P. and Zhang, K. and Hyv{\"a}rinen, A.},
  booktitle={Uncertainty in Artificial Intelligence},
  pages={186--195},
  year={2020},
  organization={PMLR}
}

@article{Cai2018,
  title={Causal discovery from discrete data using hidden compact representation},
  author={Cai, R. and Qiao, J. and Zhang, K. and Zhang, Z. and Hao, Z.},
  journal={Advances in Neural Information Processing Systems},
  volume={2018},
  pages={2666},
  year={2018}
}

@inproceedings{Pensar2020a,
author = {Viinikka, J. and Hyttinen, A. and Pensar, J. and Koivisto, M.},
title = {{Towards scalable Bayesian learning of causal DAGs}},
year = {2020},
booktitle = {Advances in Neural Information Processing Systems},
volume = {33}
}

@inproceedings{Pensar2020,
  title={A Bayesian approach for estimating causal effects from observational data},
  author={Pensar, Johan and Talvitie, Topi and Hyttinen, Antti and Koivisto, Mikko},
  booktitle={Proceedings of the AAAI Conference on Artificial Intelligence},
  volume={34},
  number={04},
  pages={5395--5402},
  year={2020}
}

@article{Corander2019,
  title={A logical approach to context-specific independence},
  author={Corander, J. and Hyttinen, A. and Kontinen, J. and Pensar, J. and V{\"a}{\"a}n{\"a}nen, J.},
  journal={Annals of Pure and Applied Logic},
  volume={170},
  number={9},
  pages={975--992},
  year={2019},
  publisher={Elsevier}
}


@inproceedings{Tikka2019,
  title={Identifying causal effects via context-specific independence relations},
  author={Tikka, S. and Hyttinen, A. and Karvanen, J.},
  booktitle={Advances in Neural Information Processing Systems},
  pages={2804--2814},
  year={2019}
}


@article{Desjardins2008,
  title={Learning structured {B}ayesian networks: combining abstraction hierarchies and tree-structured conditional probability tables},
  author={DesJardins, M. and Rathod, P. and Getoor, L.},
  journal={Computational Intelligence},
  volume={24},
  number={1},
  pages={1--22},
  year={2008},
  publisher={Wiley Online Library}
}

@INPROCEEDINGS{Friedman1996,
author = {Friedman, N. and Goldszmidt, M.},
year = {1996},
title = {Learning {B}ayesian networks with local structure},
booktitle = {Proceedings of the 12th Conference on Uncertainty in Artificial Intelligence},
pages = {252--262}
}

@inproceedings{Hyttinen2018,
  title={{Structure learning for {B}ayesian networks over labeled {DAG}s}},
  author={Hyttinen, A. and Pensar, J. and Kontinen, J. and Corander, J.},
  booktitle={International Conference on Probabilistic Graphical Models},
  pages={133--144},
  year={2018}
}

@article{Cowell2014,
  title={{Causal discovery through {MAP} selection of stratified chain event graphs}},
  author={Cowell, R. G. and Smith, J. Q.},
  journal={Electronic Journal of Statistics},
  volume={8},
  number={1},
  pages={965--997},
  year={2014},
  publisher={The Institute of Mathematical Statistics and the Bernoulli Society}
}

@inproceedings{Chickering1997,
  title={{A {B}ayesian approach to learning {B}ayesian networks with local structure}},
  author={Chickering, D. M. and Heckerman, D. and Meek, C.},
 booktitle={Proceedings of 13th Conference on Uncertainty in Artificial Intelligence},
  year={1997},
  pages = {80--89}
}



@article{Talvitie2019,
  title={Learning {B}ayesian networks with local structure, mixed variables, and exact algorithms},
  author={Talvitie, T. and Eggeling, R. and Koivisto, M.},
  journal={International Journal of Approximate Reasoning},
  volume={115},
  pages={69--95},
  year={2019},
  publisher={Elsevier}
}


@inproceedings{Thwaites2008,
author = {Thwaites, P. A. and Smith, J. Q. and Cowell, R. G.},
title = {Propagation using chain event graphs},
year = {2008},
pages = {546--553},
booktitle = {Proceedings of the 24th Conference on Uncertainty in Artificial Intelligence}
}

@article{Thwaites2015,
  title={A separation theorem for chain event graphs},
  author={Thwaites, P. A. and Smith, J. Q.},
  journal={arXiv:1501.05215},
  year={2015}
}


@article{Gorgen2020,
title = {The curved exponential family of a staged tree},
author = {Görgen, C. and Leonelli, M. and Marigliano, O.},
year = {2022},
 journal = {Electronic Journal of Statistics},
 volume = {16},
 number = {1},
 pages = {2607--2620}
 }
 
@article{Geiger2001,
  title={Stratified exponential families: graphical models and model selection},
  author={Geiger, Dan and Heckerman, David and King, Henry and Meek, Christopher},
  journal={Annals of Statistics},
  pages={505--529},
  volume = {29},
  number = {2},
  year={2001},
  publisher={JSTOR}
}



@article{Geiger2006,
  title={On the toric algebra of graphical models},
  author={Geiger, Dan and Meek, Christopher and Sturmfels, Bernd},
  journal={Annals of Statistics},
  volume={34},
  number={3},
  pages={1463--1492},
  year={2006},
  publisher={Institute of Mathematical Statistics}
}


@book{Darwiche2009,
	title={Modeling and reasoning with {B}ayesian networks},
	author = {Darwiche, A.},
	year={2009},
	publisher = {Cambridge University Press}
}

@article{Carli2020,
  title={{The R package stagedtrees for structural learning of stratified staged trees}},
  author={Carli, F. and Leonelli, M. and Riccomagno, E. and Varando, G.},
  journal={Journal of Statistical Software},
  year={2022},
  volume = {102},
  number = {6},
  pages ={1--30}
}

@article{Pensar2015,
  title={Labeled directed acyclic graphs: a generalization of context-specific independence in directed graphical models},
  author={Pensar, J. and Nyman, H. and Koski, T. and Corander, J.},
  journal={Data Mining and Knowledge Discovery},
  volume={29},
  number={2},
  pages={503--533},
  year={2015},
  publisher={Springer}
}

@inproceedings{Shen2020,
author = {Shen, Y. and Choi, A. and Darwiche, A.},
title={A new perspective on learning context-specific independence},
year = {2020},
booktitle={Proceedings of the 10th International Conference on Probabilistic Graphical Models},
pages = {425--436}
}

@article{Yang2019,
  title={Learning {B}ayesian networks using the constrained maximum a posteriori probability method},
  author={Yang, Yu and Gao, Xiaoguang and Guo, Zhigao and Chen, Daqing},
  journal={Pattern Recognition},
  volume={91},
  pages={123--134},
  year={2019},
  publisher={Elsevier}
}


@article{Tsagris2020,
  title={A new scalable {B}ayesian network learning algorithm with applications to economics},
  author={Tsagris, Michail},
  journal={Computational Economics},
  pages={1--27},
  year={2020},
  publisher={Springer}
}

@article{Wang2020,
  title={Learning {B}ayesian networks based on order graph with ancestral constraints},
  author={Wang, Zidong and Gao, Xiaoguang and Yang, Yu and Tan, Xiangyuan and Chen, Daqing},
  journal={Knowledge-Based Systems},
  volume={211},
  pages={106515},
  year={2020},
  publisher={Elsevier}
}


@article{Daly2011,
  title={Learning {B}ayesian networks: approaches and issues},
  author={Daly, R. and Shen, Q. and Aitken, S.},
  journal={The Knowledge Engineering Review},
  volume={26},
  number={2},
  pages={99},
  year={2011},
  publisher={Cambridge University Press}
}

@book{Neapolitan2004,
  title={Learning {B}ayesian networks},
  author={Neapolitan, R. E. },
  year={2004},
  publisher={Pearson Prentice Hall}
}

@article{Pensar2016,
  title={The role of local partial independence in learning of {B}ayesian networks},
  author={Pensar, J. and Nyman, H. and Lintusaari, J. and Corander, J.},
  journal={International Journal of Approximate Reasoning},
  volume={69},
  pages={91--105},
  year={2016},
  publisher={Elsevier}
}

@article{Duarte2019,
  title={Equations defining probability tree models},
  author={Duarte, Eliana and G{\"o}rgen, Christiane},
  journal={Journal of Symbolic Computation},
  volume={99},
  pages={127--146},
  year={2020},
  publisher={Elsevier}
}


@article{Gorgen2018,
  title={Equivalence classes of staged trees},
  author={G{\"o}rgen, C. and Smith, J. Q.},
  journal={Bernoulli},
  volume={24},
  number={4A},
  pages={2676--2692},
  year={2018}
}


@article{Leonelli2019,
  title={Sensitivity analysis beyond linearity},
  author={Leonelli, M.},
  journal={International Journal of Approximate Reasoning},
  volume={113},
  pages={106--118},
  year={2019}
}


@inproceedings{Gorgen2015,
  title={A differential approach for staged trees},
  author={G{\"o}rgen, C. and Leonelli, M. and Smith, J. Q.},
  booktitle={European Conference on Symbolic and Quantitative Approaches to Reasoning and Uncertainty},
  pages={346--355},
  year={2015}
}

@ARTICLE{Scutari2010,
    title = {{Learning Bayesian networks with the bnlearn R package}},
    author = {Scutari, M},
    journal = {Journal of Statistical Software},
    year = {2010},
    volume = {35},
    number = {3},
    pages = {1--22}
}
  


@ARTICLE{Smith2008,
	title={{Conditional independence and chain event graphs}},
	author={Smith, J. Q. and Anderson, P. E.},
	journal={Artificial Intelligence},
  	volume={172},
  	number={1},
  	pages={42 - 68},
  	year={2008}
}

@BOOK{Collazo2018,
	title={{Chain event graphs}},
	author={Collazo, R. A. and G\"{o}rgen, C. and Smith, J. Q.},
	publisher={Chapmann \& Hall},
	year={2018}
	}
	
@ARTICLE{Jaeger2006,
	title={{Learning probabilistic decision graphs}},
	author={Jaeger, M and Nielsen, J. D. and Silander, T},
	journal={International Journal of Approximate Reasoning},
	volume={42},
	number={1-2},
	pages={84-100},
	year={2006}
}

@INPROCEEDINGS{Boutilier1996,
	title={{Context-specific independence in Bayesian networks}},
	author={Boutilier, C. and Friedman, N. and Goldszmidt, M. and Koller, D.},
	booktitle={Proceedings of the 12th Conference on Uncertainty in Artificial Intelligence},
	year={1996},
	pages={115-123}
}

@INPROCEEDINGS{Silander2013,
	title={A dynamic programming algorithm for learning chain event graphs},
	author={Silander, T. and Leong, T. Y.},
	booktitle={Proceedings of the International Conference on Discovery Science},
	year={2013},
	pages={201-216}
}

@ARTICLE{Barclay2013,
	title={Refining a {B}ayesian network using a chain event graph},
	author={Barclay, L. M. and Hutton, J. L. and Smith, J. Q.},
	journal={International Journal of Approximate Reasoning},
	volume={54},
	pages={1300-1309},
	year={2013}
}

@ARTICLE{Collazo2016,
	title={A new family of non-local priors for chain event graph model selection},
	author={Collazo, R. A. and Smith, J. Q.},
	journal={Bayesian Analysis},
	volume={11},
	number={4},
	pages={1165-1201},
	year={2016}
}

@ARTICLE{Freeman2011,
	title={Bayesian {MAP} model selection of chain event graphs},
	author={Freeman, G. and Smith, J. Q. },
	journal={Journal of Multivariate Analysis},
	volume={102},
	number={7},
	pages={1152-1165},
	year={2011}
}

	
@article{Thwaites2010,
  title={Causal analysis with chain event graphs},
  author={Thwaites, P. and Smith, J.Q. and Riccomagno, E.},
  journal={Artificial Intelligence},
  volume={174},
  number={12-13},
  pages={889--909},
  year={2010}
}

%%%%%%%%%%%%%%%%%%%%%%%%
%% ARTICLES ON ASYMMETRIC MODELS %%
%%%%%%%%%%%%%%%%%%%%%%%%

@ARTICLE{Jaeger2004,
	title={Probabilistic decision graphs - combining verification and {AI} techniques for probabilistic inference},
	author={Jaeger, M.},
	journal={International Journal of Uncertainty, Fuzziness and Knowledge-Based Systems},
	year={2004},
	pages={19-42},
	volume={12}
}


@ARTICLE{Poole2003,
	title={Exploiting contextual independence in probabilistic inference},
	author={Poole, D. and Zhang, N.L.},
	journal={Journal of Artificial Intelligence Research},
	volume={18},
	pages={263-313},
	year={2003}
}

@ARTICLE{Salmeron2000,
	title={Importance sampling in {Bayesian} networks using probability trees},
	author={Salmer\'{o}n, A. and Cano, A. and Moral, S.},
	journal={Computational Statistics and Data Analysis},
	volume={34},
	number={4},
	pages={387-413},
	year={2000}
}

@ARTICLE{Cano2012,
	title={Learning recursive probability trees from probabilistic potentials},
	author={Cano, A. and G\'{o}mez-Olmedo, M. and Moral, S. and P\'{e}rez-Ariza, C .B. and Salmer\'{o}n, A.},
	journal={International Journal of Approximate Reasoning},
	volume={53},
	number={9},
	pages={1367-1387},
	year={2012}
}




@ARTICLE{cowell2014causal,
  title={Causal Discovery through {MAP} Selection of Stratified Chain Event Graphs},
  author={Cowell, Robert  and Smith, James},
  journal={Electronic Journal of Statistics},
  volume={8},
  number={1},
  pages={965--997},
  year={2014},
  publisher={The Institute of Mathematical Statistics and the Bernoulli Society},
  DOI={10.1214/14-EJS917}
}

@InProceedings{aditi2019,
author={Shenvi, Aditi and Smith, Jim and Walton, Robert and Eldridge, Sandra},
editor= {Argiento, Raffaele and Durante, Daniele and Wade, Sara},
title={Modelling with Non-stratified Chain Event Graphs},
booktitle={Bayesian Statistics and New Generations},
year={2019},
publisher={Springer International Publishing},
pages={155--163}
}

@article{Hoyer2008,
  title={Nonlinear causal discovery with additive noise models},
  author={Hoyer, P. and Janzing, D. and Mooij, J. M. and Peters, J. and Sch{\"o}lkopf, B.},
  journal={Advances in Neural Information Processing Systems},
  volume={21},
  pages={689--696},
  year={2008}
}

@article{Shimizu2006,
  title={{A linear non-Gaussian acyclic model for causal discovery}},
  author={Shimizu, S. and Hoyer, P. O. and Hyv{\"a}rinen, A. and Kerminen, A. and Jordan, M.},
  journal={Journal of Machine Learning Research},
  volume={7},
  number={10},
  year={2006}
}

@article{fergusson2001christchurch,
  title={The {C}hristchurch health and development study: review of findings on child and adolescent mental health},
  author={Fergusson, David  and Horwood, John },
  journal={Australian \& New Zealand Journal of Psychiatry},
  volume={35},
  number={3},
  pages={287--296},
  year={2001}
}

@book{hojsgaard2012graphical,
  title={Graphical models with {R}},
  author={H{\o}jsgaard, S{\o}ren and Edwards, David and Lauritzen, Steffen},
  year={2012},
  publisher={Springer Science \& Business Media},
  doi = {10.1007/978-1-4614-2299-0}
}

@article{keeble2017learning,
  title={Learning Through Chain Event Graphs: The Role of Maternal Factors in Childhood Type 1 Diabetes},
  author={Keeble, Claire and Thwaites, Peter and Baxter, Paul and Barber, Stuart and Parslow, Roger  and Law, Graham},
  journal={American Journal of Epidemiology},
  volume={186},
  number={10},
  pages={1204--1208},
  year={2017},
  publisher={Oxford University Press}
}


@article{thwaites2013causal,
  title={Causal identifiability via chain event graphs},
  author={Thwaites, P.},
  journal={Artificial Intelligence},
  volume={195},
  pages={291--315},
  year={2013}
}

@article{barclay2014chain,
  title={Chain Event Graphs for Informed Missingness},
  author={Barclay, Lorna  and Hutton, Jane  and Smith, Jim },
  journal={Bayesian Analysis},
  volume={9},
  number={1},
  pages={53--76},
  year={2014},
  publisher={International Society for Bayesian Analysis},
  doi = {10.1214/13-BA843}
}

@article{keeble2017adaptation,
  title={Adaptation of Chain Event Graphs for use with Case-Control Studies in Epidemiology},
  author={Keeble, Claire and Thwaites, Peter and Barber, Stuart and Law, Graham and Baxter, Paul },
  journal={The International Journal of Biostatistics},
  volume={13},
  number={2},
  year={2017},
  publisher={De Gruyter},
  doi = {10.1515/ijb-2016-0073}
}

@article{gorgen2018discovery,
  title={Discovery of statistical equivalence classes using computer algebra},
  author={G{\"o}rgen, C. and Bigatti, A. and Riccomagno, E. and Smith, J. Q.},
  journal={International Journal of Approximate Reasoning},
  volume={95},
  pages={167--184},
  year={2018},
  publisher={Elsevier}
}



@inproceedings{riccomagno2004identifying,
  title={Identifying a cause in models which are not simple {B}ayesian networks},
  author={Riccomagno, E and Smith, JQ},
  booktitle={Proceedings of the 10th Conference on Information Processing and Management of Uncertainty in Knowledge-Based Systems},
  pages={1315--1322},
  year={2004}
}


@incollection{riccomagno2009geometry,
  title={The geometry of causal probability trees that are algebraically constrained},
  author={Riccomagno, Eva and Smith, Jim Q},
  booktitle={Optimal design and related areas in optimization and statistics},
  pages={133--154},
  year={2009},
  publisher={Springer}
}

@article{Genewein2020,
  title={Algorithms for causal reasoning in probability trees},
  author={Genewein, T. and McGrath, T. and D{\'e}letang, G. and Mikulik, V. and Martic, M. and Legg, S. and Ortega, P. A.},
  journal={arXiv:2010.12237},
  year={2020}
}

@article{Nicolussi2021,
    title= {Context-Specific Independencies in Stratified Chain Regression Graphical Models},
    author = {Nicolussi, F. and Cazzaro, M.},
    year = {2021},
    journal = {Bernoulli},
    volume = {(to appear)}
}


@InProceedings{shenvi20a, 
    title = {Constructing a Chain Event Graph from a Staged Tree}, 
    author = {Shenvi, Aditi and Smith, Jim Q}, 
    booktitle = {Proceedings of the 10th International Conference on Probabilistic Graphical Models}, 
    pages = {437--448}, 
    year = {2020}, 
    editor = {Manfred Jaeger and Thomas Dyhre Nielsen}, volume = {138}, 
    series = {Proceedings of Machine Learning Research}, month = {23--25 Sep}, 
    publisher = {PMLR}, 
    pdf = {http://proceedings.mlr.press/v138/shenvi20a/shenvi20a.pdf}, 
    url = { http://proceedings.mlr.press/v138/shenvi20a.html } 
} 

@article{kendall1938,
 ISSN = {00063444},
 URL = {http://www.jstor.org/stable/2332226},
 author = {M. G. Kendall},
 journal = {Biometrika},
 number = {1/2},
 pages = {81--93},
 publisher = {[Oxford University Press, Biometrika Trust]},
 title = {A New Measure of Rank Correlation},
 volume = {30},
 year = {1938}
}

@Manual{petersSID,
    title = {SID: Structural Intervention Distance},
    author = {Peters J.},
    year = {2015},
    note = {R package version 1.0},
    url = {https://CRAN.R-project.org/package=SID}
  }
  
@Article{permallows,
    title = {{PerMallows}: An {R} Package for {M}allows and Generalized {M}allows Models},
    author = {Irurozki, E. and Calvo, B. and Lozano, J. A.},
    journal = {Journal of Statistical Software},
    year = {2016},
    volume = {71},
    number = {12},
    pages = {1--30}
  }
  
@article{tsamardinos2006max,
  title={The max-min hill-climbing {B}ayesian network structure learning algorithm},
  author={Tsamardinos, I. and Brown, L. E. and Aliferis, C. F.},
  journal={Machine learning},
  volume={65},
  number={1},
  pages={31--78},
  year={2006},
  publisher={Springer}
}

