@book{koller2009probabilistic,
  title={Probabilistic graphical models: principles and techniques},
  author={Koller, Daphne and Friedman, Nir},
  year={2009},
  publisher={MIT press}
}

@book{lauritzen1996graphical,
  title={Graphical models},
  author={Lauritzen, Steffen L},
  volume={17},
  year={1996},
  publisher={Clarendon Press}
}


@book{maathuis2018handbook,
  title={Handbook of graphical models},
  author={Maathuis, Marloes and Drton, Mathias and Lauritzen, Steffen and Wainwright, Martin},
  year={2018},
  publisher={CRC Press}
}


@book{wasserman2004all,
  title={All of statistics: a concise course in statistical inference},
  author={Wasserman, Larry},
  volume={26},
  year={2004},
  publisher={Springer}
}


@InProceedings{leonelli23a,
  title = 	 {Context-Specific Causal Discovery for Categorical Data Using Staged Trees},
  author =       {Leonelli, Manuele and Varando, Gherardo},
  booktitle = 	 {Proceedings of The 26th International Conference on Artificial Intelligence and Statistics},
  pages = 	 {8871--8888},
  year = 	 {2023},
  editor = 	 {Ruiz, Francisco and Dy, Jennifer and van de Meent, Jan-Willem},
  volume = 	 {206},
  series = 	 {Proceedings of Machine Learning Research},
  month = 	 {25--27 Apr},
  publisher =    {PMLR},
  pdf = 	 {https://proceedings.mlr.press/v206/leonelli23a/leonelli23a.pdf},
  url = 	 {https://proceedings.mlr.press/v206/leonelli23a.html}
}


@book{peters2017elements,
  title={Elements of causal inference: foundations and learning algorithms},
  author={Peters, Jonas and Janzing, Dominik and Sch{\"o}lkopf, Bernhard},
  year={2017},
  publisher={The MIT Press}
}

@article{wright1934method,
  title={The method of path coefficients},
  author={Wright, Sewall},
  journal={The annals of mathematical statistics},
  volume={5},
  number={3},
  pages={161--215},
  year={1934},
  publisher={JSTOR}
}

