@book{koller2009probabilistic,
  title={Probabilistic graphical models: principles and techniques},
  author={Koller, Daphne and Friedman, Nir},
  year={2009},
  publisher={MIT press}
}

@book{lauritzen1996graphical,
  title={Graphical models},
  author={Lauritzen, Steffen L},
  volume={17},
  year={1996},
  publisher={Clarendon Press}
}


@book{maathuis2018handbook,
  title={Handbook of graphical models},
  author={Maathuis, Marloes and Drton, Mathias and Lauritzen, Steffen and Wainwright, Martin},
  year={2018},
  publisher={CRC Press}
}


@book{wasserman2004all,
  title={All of statistics: a concise course in statistical inference},
  author={Wasserman, Larry},
  volume={26},
  year={2004},
  publisher={Springer}
}


@InProceedings{leonelli23a,
  title = 	 {Context-Specific Causal Discovery for Categorical Data Using Staged Trees},
  author =       {Leonelli, Manuele and Varando, Gherardo},
  booktitle = 	 {Proceedings of The 26th International Conference on Artificial Intelligence and Statistics},
  pages = 	 {8871--8888},
  year = 	 {2023},
  editor = 	 {Ruiz, Francisco and Dy, Jennifer and van de Meent, Jan-Willem},
  volume = 	 {206},
  series = 	 {Proceedings of Machine Learning Research},
  month = 	 {25--27 Apr},
  publisher =    {PMLR},
  pdf = 	 {https://proceedings.mlr.press/v206/leonelli23a/leonelli23a.pdf},
  url = 	 {https://proceedings.mlr.press/v206/leonelli23a.html}
}


@book{peters2017elements,
  title={Elements of causal inference: foundations and learning algorithms},
  author={Peters, Jonas and Janzing, Dominik and Sch{\"o}lkopf, Bernhard},
  year={2017},
  publisher={The MIT Press}
}

@article{wright1934method,
  title={The method of path coefficients},
  author={Wright, Sewall},
  journal={The annals of mathematical statistics},
  volume={5},
  number={3},
  pages={161--215},
  year={1934},
  publisher={JSTOR}
}

@incollection{bareinboim2022pearl,
  title={On Pearl’s hierarchy and the foundations of causal inference},
  author={Bareinboim, Elias and Correa, Juan D and Ibeling, Duligur and Icard, Thomas},
  booktitle={Probabilistic and causal inference: the works of judea pearl},
  pages={507--556},
  year={2022}
}


@book{whatif,
	title = {Causal Inference: What If},
	author = {Hernán, MA and Robins, JM},
	year = {2020},
	publisher = {Boca Raton: Chapman \& Hall/CRC}
}`


@article{mooij2013ordinary,
  title={From ordinary differential equations to structural causal models: the deterministic case},
  author={Mooij, Joris M and Janzing, Dominik and Sch{\"o}lkopf, Bernhard},
  journal={arXiv preprint arXiv:1304.7920},
  year={2013}
}

@incollection{peters2022causal,
  title={Causal models for dynamical systems},
  author={Peters, Jonas and Bauer, Stefan and Pfister, Niklas},
  booktitle={Probabilistic and Causal Inference: The Works of Judea Pearl},
  pages={671--690},
  year={2022}
}

@article{hansen2014causal,
  title={Causal interpretation of stochastic differential equations},
  author={Hansen, Niels and Sokol, Alexander},
  year={2014}
}

@article{hyttinen2012learning,
  title={Learning linear cyclic causal models with latent variables},
  author={Hyttinen, Antti and Eberhardt, Frederick and Hoyer, Patrik O},
  journal={The Journal of Machine Learning Research},
  volume={13},
  number={1},
  pages={3387--3439},
  year={2012},
  publisher={JMLR. org}
}

@article{bongers2016theoretical,
  title={Theoretical aspects of cyclic structural causal models},
  author={Bongers, Stephan and Peters, Jonas and Sch{\"o}lkopf, Bernhard and Mooij, Joris M},
  journal={arXiv preprint arXiv:1611.06221},
  year={2016}
}

@inproceedings{varando2020graphical,
  title={Graphical continuous Lyapunov models},
  author={Varando, Gherardo and Hansen, Niels Richard},
  booktitle={Conference on Uncertainty in Artificial Intelligence},
  pages={989--998},
  year={2020},
  organization={PMLR}
}

@article{young2019identifying,
  title={Identifying dynamical time series model parameters from equilibrium samples, with application to gene regulatory networks},
  author={Young, William Chad and Yeung, Ka Yee and Raftery, Adrian E},
  journal={Statistical modelling},
  volume={19},
  number={4},
  pages={444--465},
  year={2019},
  publisher={SAGE Publications Sage India: New Delhi, India}
}

@article{friston2003dynamic,
  title={Dynamic causal modelling},
  author={Friston, Karl J and Harrison, Lee and Penny, Will},
  journal={Neuroimage},
  volume={19},
  number={4},
  pages={1273--1302},
  year={2003},
  publisher={Elsevier}
}

@article{mogensen2020markov,
  title={Markov equivalence of marginalized local independence graphs},
  author={Mogensen, S{\o}ren Wengel and Hansen, Niels Richard},
  year={2020}
}

@inproceedings{didelez2006asymmetric,
  title={Asymmetric separation for local independence graphs},
  author={Didelez, V},
  booktitle={23rd Annual Conference on Uncertainty in Artifical Intelligence},
  year={2006}
}

@article{kaddour2022causal,
  title={Causal machine learning: A survey and open problems},
  author={Kaddour, Jean and Lynch, Aengus and Liu, Qi and Kusner, Matt J and Silva, Ricardo},
  journal={arXiv preprint arXiv:2206.15475},
  year={2022}
}

