@article{brandt2020unexpectedly,
  title={An unexpectedly large count of trees in the West African Sahara and Sahel},
  author={Brandt, Martin and Tucker, Compton J and Kariryaa, Ankit and Rasmussen, Kjeld and Abel, Christin and Small, Jennifer and Chave, Jerome and Rasmussen, Laura Vang and Hiernaux, Pierre and Diouf, Abdoul Aziz and others},
  journal={Nature},
  volume={587},
  number={7832},
  pages={78--82},
  year={2020},
  publisher={Nature Publishing Group UK London}
}

@article{west2021tamm,
  title={Tamm review: Sampling to estimate the frequency distribution of tree diameters or ages across large forest areas},
  author={West, PW},
  journal={Forest Ecology and Management},
  volume={488},
  pages={118939},
  year={2021},
  publisher={Elsevier}
}

@inproceedings{tsoumas2023evaluating,
  title={Evaluating digital agriculture recommendations with causal inference},
  author={Tsoumas, Ilias and Giannarakis, Georgios and Sitokonstantinou, Vasileios and Koukos, Alkiviadis and Loka, Dimitra and Bartsotas, Nikolaos and Kontoes, Charalampos and Athanasiadis, Ioannis},
  booktitle={Proceedings of the AAAI Conference on Artificial Intelligence},
  volume={37},
  number={12},
  pages={14514--14522},
  year={2023}
}
 
@ARTICLE{aybar2024onboard,
  author={Aybar, Cesar and Mateo-García, Gonzalo and Acciarini, Giacomo and Růžička, Vít and Meoni, Gabriele and Longépé, Nicolas and Gómez-Chova, Luis},
  journal={IEEE Journal of Selected Topics in Applied Earth Observations and Remote Sensing},
  title={Onboard Cloud Detection and Atmospheric Correction With Efficient Deep Learning Models},
  year={2024},
  volume={17},
  number={},
  pages={19518-19529},
  keywords={Clouds;Atmospheric modeling;Reflectivity;Surface treatment;Satellites;Remote sensing;Data models;Training;Optical reflection;Optical imaging;Atmospheric correction;cloud detection (CD);CloudSEN12;deep learning;onboard satellite processing;Sentinel-2 (S-2)},
  doi={10.1109/JSTARS.2024.3480520}}


  @article{yang2024,
author = {Yang, Hui and Wang, Siyuan and Son, Rackhun and Lee, Hoontaek and Benson, Vitus and Zhang, Weijie and Zhang, Yahai and Zhang, Yuzhen and Kattge, Jens and Boenisch, Gerhard and Schepaschenko, Dmitry and Karaszewski, Zbigniew and Stereńczak, Krzysztof and Moreno-Martínez, Álvaro and Nabais, Cristina and Birnbaum, Philippe and Vieilledent, Ghislain and Weber, Ulrich and Carvalhais, Nuno},
title = {Global patterns of tree wood density},
journal = {Global Change Biology},
volume = {30},
number = {3},
pages = {e17224},
keywords = {carbon stocks, climate stresses, machine learning, plant traits, tree physiology, vegetation resilience},
doi = {https://doi.org/10.1111/gcb.17224},
url = {https://onlinelibrary.wiley.com/doi/abs/10.1111/gcb.17224},
eprint = {https://onlinelibrary.wiley.com/doi/pdf/10.1111/gcb.17224},
note = {e17224 GCB-23-2908.R1},
year = {2024}
}



@article{Christiansen03042022,
author = {Rune Christiansen and Matthias Baumann and Tobias Kuemmerle and Miguel D. Mahecha and Jonas Peters},
title = {Toward Causal Inference for Spatio-Temporal Data: Conflict and Forest Loss in Colombia},
journal = {Journal of the American Statistical Association},
volume = {117},
number = {538},
pages = {591--601},
year = {2022},
publisher = {ASA Website},
doi = {10.1080/01621459.2021.2013241},
URL = {

        https://doi.org/10.1080/01621459.2021.2013241



},
eprint = {

        https://doi.org/10.1080/01621459.2021.2013241



}
}

@article{le2023increased,
  title={Increased impact of the El Ni{\~n}o--Southern Oscillation on global vegetation under future warming environment},
  author={Le, Thanh},
  journal={Scientific Reports},
  volume={13},
  number={1},
  pages={14459},
  year={2023},
  publisher={Nature Publishing Group UK London}
}

@InProceedings{Giannarakis_2022_CVPR,
    author    = {Giannarakis, Georgios and Sitokonstantinou, Vasileios and Lorilla, Roxanne Suzette and Kontoes, Charalampos},
    title     = {Towards Assessing Agricultural Land Suitability With Causal Machine Learning},
    booktitle = {Proceedings of the IEEE/CVF Conference on Computer Vision and Pattern Recognition (CVPR) Workshops},
    month     = {June},
    year      = {2022},
    pages     = {1442-1452}
}

@misc{kaddour2022causalmachinelearningsurvey,
      title={Causal Machine Learning: A Survey and Open Problems},
      author={Jean Kaddour and Aengus Lynch and Qi Liu and Matt J. Kusner and Ricardo Silva},
      year={2022},
      eprint={2206.15475},
      archivePrefix={arXiv},
      primaryClass={cs.LG},
      url={https://arxiv.org/abs/2206.15475},
}

@book{peters2017elements,
  title={Elements of causal inference: foundations and learning algorithms},
  author={Peters, Jonas and Janzing, Dominik and Sch{\"o}lkopf, Bernhard},
  year={2017},
  publisher={The MIT Press}
}

@book{hernan2025causal,
  title={Causal Inference: What If},
  author={Hernan, M.A. and Robins, J.M.},
  isbn={9781420076165},
  lccn={2022050839},
  series={Chapman \& Hall/CRC Monographs on Statistics \& Applied Probab},
  url={https://books.google.es/books?id=_KnHIAAACAAJ},
  year={2025},
  publisher={CRC Press}
}

@book{wasserman2013all,
  title={All of statistics: a concise course in statistical inference},
  author={Wasserman, Larry},
  year={2013},
  publisher={Springer Science \& Business Media}
}

